
@book{gitinternals2008,
    title   = {Git Internals},
    author  = {Scott Chacon},
    publisher = {http://peepcode.com},
    year    = {2008},
}

@book{gitpro2009,
    author  = {Scott Chacon},
    title   = {Pro Git},
    publisher = {Apress},
    year    = {2009},
}

@Misc{linustorvaldsgoogletalk2007,
  OPTkey = 	 {},
  OPTauthor = 	 {Linus Torvalds},
  OPTtitle = 	 {Tech Talk: Linus Torvalds on git },
  OPThowpublished = {http://www.youtube.com/watch?v=4XpnKHJAok8},
  OPTmonth = 	 {Mai},
  OPTyear = 	 {2007},
  OPTnote = 	 {Accessed on 09.11.2010}
}